<?xml version="1.0" encoding="UTF-8"?><collection xmlns="http://www.loc.gov/MARC21/slim"><record><leader>00369nam--2200133-i-4500</leader><controlfield tag="001">000047556</controlfield><controlfield tag="002">20161230</controlfield><controlfield tag="005">20161230201046</controlfield><controlfield tag="008">060222s1000------------r-----000-0-eng-d</controlfield><datafield ind1=" " ind2=" " tag="080"><subfield code="a">577.3</subfield></datafield><datafield ind1=" " ind2=" " tag="100"><subfield code="a">Woolf, Charles M</subfield></datafield><datafield ind1=" " ind2=" " tag="245"><subfield code="a">Principles of biometry. statistics for biologists</subfield></datafield><datafield ind1=" " ind2=" " tag="260"><subfield code="a">Princeton, N.J., D.Van Nostrand Co., Inc., 1968, Xiii + 359p</subfield></datafield><datafield ind1=" " ind2=" " tag="852"><subfield code="a">29570</subfield></datafield></record></collection>